@BOOK{Chomsky1957,
  author = {Noam Chomsky},
  year = {1957},
  title = {Syntactic structures},
  address = {The Hague},
  publisher = {Mouton} 
}

@BOOK{Comrie1981,
  author = {Bernard Comrie},
  year = {1981},
  title = {Language Universals and Linguistic Typology},
  address = {Oxford},
  publisher = {Basil Blackwell}
}
 
 
@book{Liljegren2016,
  address    = {Berlin},
  author     = {Henrik Liljegren}, 
  publisher  = {Language Science Press},
  series     = {Studies in Diversity Linguistics},
  title      = {A grammar of {Palula}},
  number     = {8},
  year       = {2016}, 
  hhtype     = {grammar} 
}

@phdthesis{Liljegren2008,
  author                = {Henrik Liljegren}, 
  school                = {Stockholm University},
  title                 = {Towards a grammatical description of {Palula}: {{A}}n {Indo-Aryan} language of the {Hindu Kush}},
  url                   = {http://www.diva-portal.org/su/theses/abstract.xsql?lang=en&dbid=7511},
  year                  = {2008},
}

@mastersthesis{Decker1992, 
  address               = {Arlington},
  author                = {Decker, Kendall Don},  
  school                = {University of Texas},
  title                 = {Factors affecting language maintenance and shift in {Chitral District}, {Pakistan}},
  year                  = {1992},
  }

 
@article{Kogan2015,
  author     = {Anton I. Kogan},
  journal    = {Journal of Language Relationship},
  pages      = {355-370},
  title      = {Dardskie Jazyki i Pyatidesyatislovnaya Leksikostatistika},
  volume     = {13},
  year       = {2015}, 
}

@incollection{Bashir2003palula,
  author     = {Elena Bashir},
  booktitle  = {The {Indo-Aryan} Languages},
  editor     = {George Cardona and Dhanesh Jain},
  pages      = {882-886},
  title      = {{Palula}: {{I}}ntroduction, Phonology, Morphology},
  year       = {2003}, 
  publisher  = {Routledge},
  series     = {Routledge Language Family Series},
  address    = {London \& New York}
}

@incollection{Bashir2003dardic,
  author     = {Elena Bashir},
  booktitle  = {The {Indo-Aryan} Languages},
  editor     = {George Cardona and Dhanesh Jain},
  pages      = {818-894},
  title      = {Dardic},
  year       = {2003},
  publisher  = {Routledge},
  series     = {Routledge Language Family Series},
  address    = {London \& New York},
  }