
@misc{Champollion14a,
	Author = {Champollion, Lucas},
	Title = {Integrating Montague Semantics and Event Semantics: Lecture Notes},
	Note = {26th European Summer School in Logic, Language and Information (ESSLLI)},
	Year = {2014} }

@article{Chomsky80a,
	Author = {Chomsky, Noam},
	Title = {On Binding},
	Journal = {Linguistic Inquiry},
	Volume = {11},
	Number = {1},
	Pages = {1--46},
	Year = {1980} }

@incollection{Heim01a,
	Author = {Heim, Irene},
	Title = {Degree Operator},
	BookTitle = {Audiatur Vox Sapientiae: A Festschrift for Arnim von Stechow},
	Editor = {Féry, Caroline and Sternefeld, Wolfgang},
	Publisher = {Akademie-Verlag},
	Address = {Berlin},
	Pages = {214--239},
	Year = {2001} }

@book{Heim&Kratzer00a,
	Author = {Heim, Irene and Kratzer, Angelika},
	Title = {Semantics in Generative Grammar},
	Publisher = {Blackwell},
	Address = {Oxford},
	Edition = {2},
	Year = {2000} }

@book{Krifka89a,
	Author = {Krifka, Manfred},
	Title = {Nominalreferenz und Zeitkonstitution: Zur Semantik von Massentermen, Pluraltermen und Aspektklassen},
	Publisher = {Wilhelm Fink},
	Address = {München},
	Year = {1989} }

@misc{MyP17c,
	Author = {Machicao y Priemer, Antonio},
	Title = {Hinweise für Seminararbeiten},
	Publisher = {Humboldt-Universität zu Berlin},
	URL = {https://www.linguistik.hu-berlin.de/de/staff/amyp/paperskonferenzen},
	URLdate = {16.10.2017},
	Howpublished = {Manuskript},
	Note = {[Version von 2016; MyP]},
	Year = {2017} }

@book{Heusinger&Co11a,
	Editor = {Heusinger, Klaus von and Maienborn, Claudia and Portner, Paul},
	Title = {Semantics: An International Handbook of Natural Language Meaning},
	Publisher = {De Gruyter Mouton},
	Address = {Berlin},
	Number = {33.2},
	Series = {Handbooks of Linguistics and Communication Science},
	Year = {2011} }

@incollection{Heusinger,
	Author = {Heusinger, Klaus},
	Editor = {Heusinger, Klaus von and Maienborn, Claudia and Portner, Paul},
	Title = {Specificity},
	Booktitle = {Semantics: An International Handbook of Natural Language Meaning},
	Publisher = {De Gruyter Mouton},
	Address = {Berlin},
	Number = {33.2},
	Series = {Handbooks of Linguistics and Communication Science},
	Pages = {996--1025},
	Year = {2011} }

@incollection{Nolda&Co14a,
	Author = {Nolda, Andreas and Machicao y Priemer, Antonio and Sioupi, Athina},
	Title = {Die {K}ern/{P}eripherie-Unterscheidung: {P}robleme und {P}ositionen},
	BookTitle = {Zwischen Kern und Peripherie: Untersuchungen zu Randbereichen in Sprache und Grammatik},
	Editor = {Machicao y Priemer, Antonio and Nolda, Andreas and Sioupi, Athina},
	Publisher = {De Gruyter},
	Address = {Berlin},
	Pages = {9--23},
	Year = {2014} }

@article{Winter97a,
	Author = {Winter, Yoad},
	Title = {Choice Functions and the Scopal Semantics of Indefinites},
	Journal = {Linguistics and Philosophy},
	Volume = {20},
	Number = {4},
	Pages = {399--467},
	Year = {1997} }


