
@misc{DR17a,
	Key = {DR},
	Organization = {Rat für deutsche Rechtschreibung},	
	title = {\emph{Deutsche Rechtschreibung: Regeln und Wörterverzeichnis. Aktualisierte Fassung des amtlichen Regelwerks entsprechend den Empfehlungen des Rats für deutsche Rechtschreibung 2016}. Mannheim},
	address = {Mannheim},
	URL = {http://www.rechtschreibrat.com/regeln-und-woerterverzeichnis/},
	URLdate = {05.12.2017},
	year = {2017} }

@misc{Duden03a,
	Key = {Duden},
	Organization = {Dudenverlag},	
	title = {\emph{Duden: Deutsches Universalwörterbuch} (5.\ Aufl.). München: Langenscheidt},
	publisher = {Langenscheidt},
	address = {München},
	note = {[Bearbeitet von Werner Scholze-Studenrecht; MyP]},
	year = {2003} }

@misc{Duden03c,
	Key = {Duden},
	Organization = {Dudenverlag},	
	title = {Sprache. In \emph{Duden: Deutsches Universalwörterbuch}  (5.\ Aufl.), S.~1377--1378. München: Langenscheidt},
	publisher = {Langenscheidt},
	address = {München},
	note = {[Bearbeitet von Werner Scholze-Studenrecht; MyP]},
	pages = {1377--1378},
	year = {2003} }

@misc{DudenON,
	Key = {DudenON},
	Organization = {Bibliographisches Institut GmbH}, 
	title = {Duden online. Berlin: Dudenverlag},
	Howpublished = {Online Ressource},
	publisher = {Dudenverlag},
	address = {Berlin},
	URL = {https://www.duden.de/},
	URLdate = {16.11.2017} }

@misc{DudenON1,
	Key = {DudenON},
	Organization = {Bibliographisches Institut GmbH}, 	
	title = {Sprache. In Duden online. Berlin: Dudenverlag},
	Howpublished = {Online Ressource},
	booktitle = {Duden online},
	publisher = {Dudenverlag},
	address = {Berlin},
	URL = {https://www.duden.de/rechtschreibung/Sprache},
	URLdate = {16.11.2017} }

@misc{DWDS,
	Key = {DWDS},
	Organization = {Berlin-Brandenburgische Akademie der Wissenschaften},
	Title = {Digitales Wörterbuch der Deutschen Sprache},
	Howpublished = {Online Ressource}, 
	URL = {http://www.dwds.de/}, 
	URLdate = {16.11.2017} }

@misc{DWDS1,
	Key = {DWDS},
	Organization = {Berlin-Brandenburgische Akademie der Wissenschaften},
	Title = {Sprache. In Digitales Wörterbuch der Deutschen Sprache},
	Howpublished = {Online Ressource}, 
	URL = {https://www.dwds.de/wb/Sprache}, 
	URLdate = {16.11.2017} }

@misc{ESCOW14,
	Key = {ESCOW14},
	Editor = {Schäfer, Roland and Bildhauer, Felix},
	Title = {Corpora from the Web: Spanisches Subkorpus},
	Howpublished = {Online Ressource},  
	URL = {http://corporafromtheweb.org/escow14/}, 
	URLdate = {06.05.2016},
	Note = {[siehe Schäfer und Bildhauer (2012a); MyP]},
	year = {2012} }

@misc{Oxford89a,
	Key = {OED},
	Organization = {Oxford University Press},
	title = {\emph{Oxford English Dictionary} (2.\ Aufl.). Oxford: Oxford University Press},
	edition = {2},
	publisher = {Oxford University Press},
	address = {Oxford},
	year = {1989} }
 
@phdthesis{Abney87a,
	author = {Abney, Steven P.},
	title = {The English Noun Phrase in its Sentential Aspect},
	school = {Massachusetts Institute of Technology},
	URL = {http://www.vinartus.net/spa/publications.html},
	URLdate = {23.12.2009},
	type = {Unveröffentlichte {D}issertation},
	year = {1987}
}

@book{Albert&Marx10a,
	Author = {Albert, Ruth and Marx, Nicole},
	Title = {Empirisches Arbeiten in Linguistik und Sprachlehrforschung: Anleitung zu quantitativen Studien von der Planungsphase bis zum Forschungsbericht},
	Publisher = {Narr},
	Address = {Tübingen},
	Year = {2010} }

@book{Alexiadou&Co04,
	Author = {Alexiadou, Artemis and Anagnostopoulou, Elena and Everaert, Martin},
	Title = {The Unaccusativity Puzzle: Explorations of the Syntax-Lexicon Interface},
	Publisher = {Oxford University Press},
	Address = {New York},
	Year = {2004} }

@article{Alexiadou&Iordachioaia14,
	Author = {Alexiadou, Artemis and Iordachioaia, Gianina},
	Title = {The psych causative alternation},
	Journal = {Lingua},
	Volume = {148},
	Pages = {53--79},
	Year = {2014} }

@article{Arad98,
	Author = {Arad, Maya},
	Title = {Psych-notes},
	Journal = {UCL Working Papers in Linguistics},
	Volume = {10},
	Pages = {1--22},
	Year = {1998} }

@book{Aronoff17a,
	Editor = {Aronoff, Mark},
	Title = {Oxford Research Encyclopedia of Linguistics},
	Publisher = {Oxford University Press},
	Address = {New York},
	URL = {http://linguistics.oxfordre.com/},
	URLdate = {14.11.2017},
	Year = {2017} }

@book{Aronoff15a,
	Editor = {Aronoff, Mark},
	Title = {Oxford Bibliographies in Linguistics},
	Publisher = {Oxford University Press},
	Address = {New York},
	URL = {http://www.oxfordbibliographies.com/obo/page/linguistics},
	URLdate = {14.11.2017},
	Year = {2015} }

@article{Bach86a,
	Author = {Bach, Emmon},
	Title = {The Algebra of Events},
	Journal = {Linguistics and Philosophy},
	Volume = {1},
	Number = {9},
	Pages = {5--16},
	Year = {1986} }

@book{Baker88,
	Author = {Baker, Mark},
	Title = {Incorporation: A Theory of Grammatical Function Changing},
	Publisher = {University of Chicago Press},
	Address = {Chicago},
	Year = {1998} }

@phdthesis{Bar-el05,
	Author = {Bar-el, Leora},
	Title = {Aspectual distinctions in {S}kwxwú7mesh},
	School = {University of British Columbia},
	Type = {Ph{D} thesis},
	Year = {2005} }

@article{Belleti&Rizzi88a,
	Author = {Belleti, Adriana and Rizzi, Luigi},
	Title = {Psych-Verbs and $\theta$-Theory},
	Journal = {Natural Language and Linguistic Theory},
	Volume = {6},
	Number = {3},
	Pages = {291--352},
	Year = {1988} }

@phdthesis{Bildhauer07a,
	Author = {Bildhauer, Felix},
	Title = {Representing Information Structure in an HPSG Grammar of Spanish},
	School = {Universität Bremen},
	Type = {Dissertation},
	URL = {http://hpsg.fu-berlin.de/~fbildhau/diss/felix-bildhauer-diss.pdf},
	URLdate = {28.02.2013},
	Year = {2007} }

@misc{Blumensath07a,
	Author = {Blumensath, Achim},
	Title = {mnsymbol -- Mathematical symbol font for Adobe MinionPro},
	Howpublished = {Handbuch},
	URL = {http://www.ctan.org/pkg/mnsymbol},
	URLdate = {28.01.2014},
	Year = {2007} }

@incollection{Bobaljik&Wurmbrand09a,
	Author = {Bobaljik, Jonathan and Wurmbrand, Susan},
	Title = {Case in GB/Minimalism},
	BookTitle = {The Oxford Handbook of Case},
	Editor = {Malchukov, Andrej and Spencer, Andrew},
	Publisher = {Oxford University Press},
	Address = {Oxford},
	Pages = {44--58},
	Year = {2009} }

@article{Bresnan82a,
	Author = {Bresnan, Joan},
	Title = {Control and Complementation},
	Journal = {Linguistic Inquiry},
	Volume = {13},
	Number = {3},
	Pages = {343--434},
	Year = {1982} }

@article{Buecking10a,
	Author = {Bücking, Sebastian},
	Title = {Zur {I}nterpretation adnominaler {G}enitive bei nominalisierten {I}nfinitiven im {D}eutschen},
	Journal = {Zeitschrift für Sprachwissenschaft},
	Volume = {29},
	Number = {1},
	Pages = {39--77},
	Year = {2010} }

@book{Bussmann83a,
	author = {Bußmann, Hadumod},
	title = {Lexikon der Sprachwissenschaft},
	publisher = {Kröner Verlag},
	address = {Stuttgart},
	year = {1983}
}

@book{Bussmann08a,
	editor = {Bußmann, Hadumod},
	title = {Lexikon der Sprachwissenschaft},
	publisher = {Kröner Verlag},
	address = {Stuttgart},
	keywords = {Sprachwissenschaft; Theorie; Theoriebildung; Lexikon; Definition; Notation; Wörterbuch; GK Linguistik},
	year = {2008}
}

@incollection{Campos99a,
	Author = {Campos, Héctor},
	Title = {Transitividad e intransitividad},
	BookTitle = {Gramática Descriptiva de la Lengua Española: Las construcciones sintácticas fundamentales. Relaciones temporales, aspectuales y modales},
	Editor = {Bosque Muñoz, Ignacio and Demonte Barreto, Violeta},
	Publisher = {Real Academia Española},
	Address = {Madrid},
	Volume = {2},
	Pages = {1519--1574},
	Year = {1999} }

@misc{Carlisle&Co01a,
	Author = {Carlisle, David and Pakin, Scott and Holt, Alexander},
	Title = {The Great, Big List of \LaTeX\ Symbols},
	URLdate = {08.12.2017},
	Howpublished = {Handbuch},
	URL = {https://www.rpi.edu/dept/arc/training/latex/LaTeX_symbols.pdf},
	Year = {2001} }

@book{Carlson80a,
	author = {Carlson, Gregory N.},
	title = {Reference to Kinds in English},
	publisher = {Garland Publishing},
	address = {New York},
	year = {1980},
	note = {[Veröffentlichte Dissertation von 1977, University of Massachusetts Amherst; MyP]}
}

@incollection{Choi15a,
	Author = {Choi, Jiyoung},
	Title = {On the universality of aspectual classes: Inchoative states in {K}orean},
	Editor = {Labeau, Emmanuelle and Zhang, Qiaochao},
	Booktitle = {Taming the {TAME} Systems},
	Address = {Leiden},
	Publisher = {Brill},
	Pages = {123--135},
	Year = {2015}
}

@misc{Choi&Co14a,
	Author = {Choi, Jiyoung and Demirdache, Hamida},
	Title = {Reassessing the typology of states: Evidence from {K}orean (degree) inchoative states},
	Note = {Paper presented at Workshop on the Ontology and the Typology of States},
	Year = {2014}
}

@book{Chomsky57a,
	Author = {Chomsky, Noam},
	Title = {Syntactic Structures},
	Publisher = {Mouton de Gruyter},
	Address = {The Hague},
	Series = {Janua Linguarum [Series minor]},
	Number = {4},
	Year = {1957} }

@book{Chomsky81b,
	Author = {Chomsky, Noam},
	Title = {Lectures on {G}overnment and {B}inding},
	Publisher = {Foris Publications},
	Address = {Dordrecht},
	Year = {1981} }

@book{Chomsky93a,
	author = {Chomsky, Noam},
	title = {Lectures on Government and Binding: The Pisa Lectures},
	publisher = {Mouton de Gruyter},
	address = {Berlin},
	year = {1993},
	note = {Erstauflage, 1981}
}

@book{Chomsky97a,
	Author = {Chomsky, Noam},
	Title = {The Minimalist Program},
	Publisher = {MIT Press},
	Address = {Cambridge},
	Year = {1997},
	note = {Erstauflage, 1995}}

@incollection{Chomsky00,
	Author = {Chomsky, Noam},
	Title = {Minimalist inquiries: The framework},
	Editor = {Martin, R. and Michaels, D. and Uriagereka, J.},
	Journal = {Step by Step},
	Address = {Cambridge, MA},
	Publisher = {MIT Press},
	Pages = {89--155},
	Year = {2000} }

@misc{Claus15a,
	Author = {Claus, Berry},
	Title = {Einführung ins Experimentieren},
	Publisher = {Humboldt-Universität zu Berlin},
	Howpublished = {Linguistischer Methodenworkshop 2015},
	Year = {2015} }

@misc{LeipzigGloss15a,
	Author = {Comrie, Bernard and Haspelmath, Martin and Bickel, Balthasar},
	Title = {Leipzig Glossing Rules},
	Publisher = {Max Planck Institute for Evolutionary Anthropology},
	Number = {27.01.2016},
	URL = {http://www.eva.mpg.de/lingua/resources/glossing-rules.php},
	URLdate ={27.01.2016},
	Year = {2015} }

@misc{Copestake06a,
	Author = {Copestake, Ann},
	Title = {Robust {M}inimal {R}ecursion {S}emantics},
	Pages = {1--19},
	URL = {https://www.cl.cam.ac.uk/~aac10/papers.html},
	URLdate = {18/09/2018},
	Note = {Ms. University of Cambridge},
	Year = {2006} }

@article{Copestake&Co05a,
	Author = {Copestake, Ann and Flickinger, Daniel P. and Pollard, Carl J. and Sag, Ivan A.},
	Title = {Minimal {R}ecursion {S}emantics: An Introduction},
	Journal = {Research on Language and Computation},
	Volume = {3},
	Number = {4},
	Pages = {281--332},
	Year = {2005} }

@article{Cuervo10,
	Author = {Cuervo, Cristina},
	Title = {Some dative subjects are born, some are made},
	Editor = {Borgonovo, C., Español-Echevarría, M. and Prévost, P.},
	Journal = {Selected proceedings of the 12th Hispanic linguistics symposium},
	Address = {Somerville, MA},
	Publisher = {Cascadilla Proceedings Project},
	Pages = {26--37},
	Year = {2010} }

@article{Daly10a,
	Author = {Daly, Patrick W.},
	Title = {Natural Sciences Citations and References (Author-Year and Numerical Schemes)},
	Journal = {CTAN: Comprehensive TeX Archive Network},
	URLdate = {06.06.2013},
	Howpublished = {Handbuch},
	URL = {http://www.ctan.org/pkg/natbib},
	Year = {2010} }

@incollection{Davidson67a,
	Author = {Davidson, Donald},
	Title = {The Logical Form of Action Sentences},
	BookTitle = {The Logic of Decision and Action},
	Editor = {Resher, Nicholas},
	Publisher = {University of Pittsburgh Press},
	Address = {Pittsburgh},
	Pages = {81--95},
	Year = {1967} }

@article{Davis&Co00a,
	Author = {Davis, Anthony and Koenig, Jean-Pierre},
	Title = {Linking as Constraints on Word Classes in a Hierarchical Lexicon},
	Journal = {Language},
	Volume = {76},
	Number = {1},
	Pages = {56--91},
	Year = {2000} }

@incollection{DeBruyne93a,
	Author = {De Bruyne, Jacques},
	Title = {Der Gebrauch von \gq{a} im \gq{präpositionalen Akkusativ}},
	BookTitle = {Spanische Grammatik},
	Editor = {De Bruyne, Jacques},
	Publisher = {Max Niemeyer},
	Address = {Tübingen},
	Pages = {291--296},
	Year = {1993} }

@book{Dowty91b,
	Author = {Dowty, David R.},
	Title = {Word Meaning and {M}ontague Grammar: The Semantics of Verbs and Times in {G}enerative {S}emantics and in {M}ontague's {PTQ}},
	Publisher = {Kluwer},
	Address = {Dordrecht},
	Year = {1991} }

@article{Dowty91,
	Author = {Dowty, David R.},
	Title = {Thematic proto-roles and argument selection},
	Journal = {Language},
	Volume = {67},
	Number = {3},
	Pages = {547--619},
	Year = {1991} }

@book{Duerscheid05a,
	Author = {Dürscheid, Christa},
	Title = {Syntax: Grundlagen und Theorien},
	Publisher = {VS Verlag für Sozialwissenschaften},
	Address = {Wiesbaden},
	Year = {2005} }

@article{Enc91a,
	Author = {Enç, Mürvet},
	Title = {The Semantics of Specificity},
	Journal = {Linguistic Inquiry},
	Volume = {22},
	Number = {1},
	Pages = {1--25},
	Year = {1991} }

@phdthesis{Enders15a,
	Author = {Enders, Felicitas},
	Title = {Contrastive Topics vs. Focus: An Experimental Investigation of the Role of Prosdoy in the Comprehension of Scopally Ambiguous Sentences},
	School = {Humboldt-Universität zu Berlin},
	Type = {Masterarbeit},
	Year = {2015} }

@article{Fabregas&Co17,
	Author = {Fábregas, Antonio and Jiménez-Fernéndez, Ángel and Tubino, Mercedes},
	Title = {What's up with dative experiencers},
	Editor = {Lopez, R. and Ornelas de Avelar, J. and Cyrino, S.},
	Journal = {Romance Languages and Linguistic Theory 12: Selected Papers from the 45th Linguistic Symposium on Romance Languages, Campinas, Brazil},
	Address = {Amsterdam},
	Publisher = {John Benjamins},
	Pages = {30--47},
	Year = {2017} }   


@book{Fery&Co01,
	author = {Féry, Caroline and Sternefeld, Wolfgang},
	title = {Audiatur Vox Sapientiae: A Festschrift for Arnim von Stechow},
	publisher = {Akademie-Verlag},
	address = {Berlin},
	year = {2001}
}

@incollection{Finkbeiner&Meibauer14a,
	Author = {Finkbeiner, Rita and Meibauer, Jörg},
	Title = {\gq{Festschrift oder nicht Festschrift}: Syntax, Semantik und Pragmatik einer peripheren Konstruktion},
	BookTitle = {Zwischen Kern und Peripherie: Untersuchungen zu Randbereichen in Sprache und Grammatik},
	Editor = {Machicao y Priemer, Antonio and Nolda, Andreas and Sioupi, Athina},
	Publisher = {De Gruyter},
	Address = {Berlin},
	Pages = {69--88},
	Year = {2014} }

@misc{Flickinger&Co03a,
	Author = {Flickinger, Daniel Paul and Bender, Emily M. and Oepen, Stephan},
	Title = {MRS in the LinGO Grammar Matrix: A Practical User's Guide},
	URL = {http://faculty.washington.edu/ebender/papers/},
	URLdate = {18.01.2015},
	Year = {2003} }

@misc{Freitag&MyP15a,
	Author = {Freitag, Constantin and Machicao y Priemer, Antonio},
	Title = {\LaTeX -Einführung für Linguisten},
	Publisher = {Humboldt-Universität zu Berlin},
	URL = {https://www.linguistik.hu-berlin.de/de/staff/amyp/latex-einfuehrung},
	URLdate = {12.04.2015},
	Howpublished = {Manuskript},
	Year = {2015} }

@book{Fries80a,
	author = {Fries, Norbert},
	title = {Ambiguität und Vagheit: Einführung und kommentierte Bibliographie},
	publisher = {Max Niemeyer},
	address = {Tübingen},
	volume = {84},
	series = {Linguistische Arbeiten},
	keywords = {Sprachwissenschaft; Syntax; Semantik; Ambiguität; Vagheit; Strukturalismus; Generativ; Homonymie; Polysemie; Fokus; Präsupposition; Thetarolle; },
	year = {1980}
}

@incollection{Fries91c,
	Author = {Fries, Norbert},
	Title = {Präpositionen und Präpositionalphrasen im Deutschen, im Altgriechischen und im Neugriechischen},
	BookTitle = {\gq{DET, COMP und INFL}: Zur Syntax funktionaler Kategorien und grammatischer Funktionen},
	Editor = {Olsen, Susan and Fanselow, Gisbert},
	Publisher = {Max Niemeyer},
	Address = {Tübingen},
	Pages = {73--82},
	Year = {1991} }

@incollection{Fries16a,
	Author = {Fries, Norbert},
	Title = {Grammatikalität},
	BookTitle = {Metzler Lexikon Sprache},
	Editor = {Glück, Helmut and Rödel, Michael},
	Publisher = {Metzler},
	Address = {Stuttgart},
	Edition = {5},
	Pages = {251},
	Year = {2016} }

@incollection{Fries&MyP16a,
	Author = {Fries, Norbert and Machicao y Priemer, Antonio},
	Title = {X-Bar-Theorie},
	BookTitle = {Metzler Lexikon Sprache},
	Editor = {Glück, Helmut and Rödel, Michael},
	Publisher = {Metzler},
	Address = {Stuttgart},
	Edition = {5},
	Pages = {779--780},
	Year = {2016} }

@incollection{Fries&MyP16b,
	Author = {Fries, Norbert and Machicao y Priemer, Antonio},
	Title = {Akzeptabilität},
	BookTitle = {Metzler Lexikon Sprache},
	Editor = {Glück, Helmut and Rödel, Michael},
	Publisher = {Metzler},
	Address = {Stuttgart},
	Edition = {5},
	Pages = {25},
	Year = {2016} }

@book{Gamut91a,
	Author = {Gamut, L.\ T.\ F.\},
	Title = {Logic, Language, and Meaning. Volume 1: Introduction to Logic},
	Publisher = {University of Chicago Press},
	Address = {Chicago},
	Volume = {1},
	Year = {1991} }

@book{Gamut91b,
	Author = {Gamut, L.\ T.\ F.\},
	Title = {Logic, Language, and Meaning. Volume 2: Intensional Logic and Logical Grammar},
	Publisher = {University of Chicago Press},
	Address = {Chicago},
	Volume = {2},
	Year = {1991} }

@article{Gattei&Co15,
	Author = {Gattei, Carolina and Dickey, Michael and Wainselboim, Alejandro and París, Luis},
	Title = {The thematic hierarchy in sentence comprehension: A study on the interaction between verb class and word order in {S}panish},
	Journal = {The Quarterly Journal of Experimental Psychology},
	Volume = {68},
	Number = {10},
	Pages = {1981--2007},
	Year = {2015} }

@book{Geach62,
	address = {Ithaca},
	publisher = {Cornell University Press},
	author = {Geach, Peter T.},
	title = {Reference and Generality: An Examination of Some Medieval and Modern Theories},
	year = {1962}}   

@incollection{Glueck00a,
	Author = {Glück, Helmut},
	Title = {Sprache},
	BookTitle = {Metzler Lexikon Sprache},
	Editor = {Glück, Helmut},
	Publisher = {Directmedia},
	Address = {Berlin},
	Pages = {653--654},
	Howpublished = {CD-ROM},
	Volume = {34},
	Series = {Digitale Bibliothek},
	Note = {[CD-ROM der 2.~Printausgabe; MyP]},
	Year = {2000} }

@book{Glueck&Roedel16a,
	Editor = {Glück, Helmut and Rödel, Michael},
	Title = {Metzler Lexikon Sprache},
	Publisher = {Metzler},
	Address = {Stuttgart},
	Edition = {5},
	Year = {2016} }

@incollection{Glueck&Co16a,
	Author = {Glück, Helmut and Schmöe, Friederike},
	Title = {Abduktion},
	BookTitle = {Metzler Lexikon Sprache},
	Editor = {Glück, Helmut and Rödel, Michael},
	Publisher = {Metzler},
	Address = {Stuttgart},
	Pages = {1},
	Year = {2016} 
}

@book{Greenberg63a,
	author = {Greenberg, Joseph H.},
	title = {Universals of Language},
	publisher = {MIT Press},
	address = {Cambridge},
	note = {[Conference held at Dobbs Ferry, New York, April 13--15, 1961, and sponsored by the Linguistic and Psychology Committee of the Social Science Research Council; MyP]},
	year = {1963}
}

@book{Gries08a,
	Author = {Gries, Stefan Thomas},
	Title = {Statistik für Sprachwissenschaftler},
	Publisher = {Vandenhoeck \& Ruprecht},
	Address = {Göttingen},
	Year = {2008} }

@book{Grimshaw90,
	Author = {Grimshaw, Jane},
	Title = {Argument Structure},
	Publisher = {MIT Press},
	Address = {Cambridge},
	Year = {1990} }

@book{Haegeman94a,
	author = {Haegeman, Liliane},
	title = {Introduction to Government and Binding Theory},
	publisher = {Blackwell},
	address = {Oxford},
	year = {1994}
}

@book{Haegeman95a,
	author = {Haegeman, Liliane},
	title = {Introduction to Government and Binding Theory},
	publisher = {Blackwell},
	address = {Oxford},
	edition = {2},
	year = {1995}
}

@article{Haider11a,
	Author = {Haider, Hubert},
	Title = {Grammatische Illusionen -- Lokal wohlgeformt -- global deviant},
	Journal = {Zeitschrift für Sprachwissenschaft},
	Volume = {30},
	Number = {2},
	Pages = {223--257},
	Year = {2011} }

@misc{Haspelmath14a,
	Author = {Haspelmath, Martin},
	Title = {The Generic Style Rules for Linguistics},
	Publisher = {Max Planck Institute for Evolutionary Anthropology},
	URL = {http://www.eva.mpg.de/linguistics/staff/martin-haspelmath/generic-style-rules.html},
	URLdate = {06.03.2015},
	Year = {2014} }

@book{Heim&Kratzer00a,
	Author = {Heim, Irene and Kratzer, Angelika},
	Title = {Semantics in Generative Grammar},
	Publisher = {Blackwell},
	Address = {Oxford},
	Edition = {2},
	Year = {2000} }

@article{Heusinger08a,
	Author = {Heusinger, Klaus von},
	Title = {Verbal Semantics and the Diachronic Development of DOM in Spanish},
	Journal = {Probus: International Journal of Latin and Romance Linguistics},
	Volume = {20},
	Number = {1},
	Pages = {1--31},
	Year = {2008} }

@inproceedings{Heusinger&Kaiser05a,
	Author = {Heusinger, Klaus von and Kaiser, Georg},
	Title = {The Evolution of Differential Object Marking in Spanish: Arbeitspapier 119},
	BookTitle = {Specificity and the Evolution/Emergence of Nominal Determination Systems in Romance},
	Editor = {Heusinger, Klaus von and Kaiser, Georg and Stark, Elisabeth},
	Address= {Konstanz},
	Publisher = {Universität Konstanz},
	Pages = {33--69},
	URL = {http://nbn-resolving.de/urn:nbn:de:bsz:352-opus-1718},
	URLdate = {12.02.2009},
	Year = {2005} }

@book{Heusinger&Co11a,
	author = {Heusinger, Klaus von and Maienborn, Claudia and Portner, Paul},
	title = {Semantics: An International Handbook of Natural Language Meaning},
	publisher = {De Gruyter Mouton},
	address = {Berlin},
	volume = {33.2},
	series = {Handbooks of Linguistics and Communication Science},
	year = {2011}
}

@misc{Hoehle83a,
	Author = {Höhle, Tilman},
	Title = {Topologische Felder},
	address = {Köln},
	Howpublished = {Manuskript},
	URL = {http://www.coli.uni-saarland.de/~crysmann/kurse/ss07/DS/Topologische_Felder.pdf},
	URLdate = {01.01.2009},
	Year = {1983} }

@article{Ioup77a,
	Author = {Ioup, Georgette},
	Title = {Specificity and the Interpretation of Quantifiers},
	Journal = {Linguistics and Philosophy},
	Volume = {1},
	Number = {2},
	Pages = {233--245},
	Year = {1977} }

@book{Jacobs&Co93a,
	editor = {Jacobs, Joachim and Stechow, Arnim von and Sternefeld, Wolfgang and Vennemann, Theo},
	title = {Syntax: Ein internationales Handbuch zeitgenössischer Forschung},
	publisher = {Walter de Gruyter},
	address = {Berlin},
	volume = {9.1},
	series = {Handbooks of Linguistics and Communication Science},
	year = {1993}
}

@book{Jaeggli82a,
	Author = {Jaeggli, Osvaldo},
	Title = {Topics in Romance Syntax},
	Publisher = {Foris Publications},
	Address = {Dordrecht},
	Year = {1982} }

@incollection{JimenezFernandez&Co16,
	Author = {Jiménez-Fernández, Ángel and Rozwadowska, Bozena},
	Title = {The information structure of dative experiencer psych verbs},
	Editor = {Cetnarowska, Bozena and Kuczok, Marcin and Zabawa, Marcin},
	Booktitle = {Various Dimensions of Contrastive Studies},
	Address = {Katowice},
	Publisher = {University of Silesia Press},
	Pages = {100--121},
	Year = {2016} }   

@article{Jimenez-Fernandez&Rozwadowska17,
	Author = {Jiménez-Fernández, Ángel and Rozwadowska, Bozena},
	Title = {On the subject properties of datives in psych predicates: A comparative approach},
	Journal = {Acta Lingüística Académica},
	Volume = {64},
	Number = {2},
	Pages = {233--256},
	Year = {2017} }

@article{Jung02,
	Author = {Jung, Dukkyo},
	Title = {Light verb just as a little v},
	Journal = {Kansas Working Papers in Linguistics},
	Volume = {26},
	Pages = {59--74},
	Year = {2002} }

@proceedings{Katz&Co02a,
	title = {Sinn \& Bedeutung VI: Proceedings of the Sixth Annual Meeting of the Gesellschaft für Semantik. 8.--10. Oktober 2001}, 
	year = {2002},
	editor = {Katz, Graham and Reinhard, Sabine and Reuter, Philip}, 
	address = {Osnabrück}, 
	publisher = {Universität Osnabrück}, 
	URL = {http://www.phil-fak.uni-duesseldorf.de/asw/gfs/common/procSuB6/sites/index2.htm}, 
	URLdate = {21.05.2013}
}

@phdthesis{Kim08,
	Author = {Kim, Ilkyu},
	Title = {On the {NOM-DAT} alternation of experiencer in {K}orean: A conceptual semantics approach},
	School = {Hankuk University of Foreign Studies},
	Type = {Ph{D} thesis},
	Year = {2008} }

@article{Kim04,
	Author = {Kim, J-B.},
	Title = {The {K}orean case system: A unified, constraint-based approach},
	Journal = {Language Research},
	Volume = {40},
	Number = {4},
	Pages = {885--921},
	Year = {2004} }

@article{Kim&Choi04,
	Author = {Kim, Jong-Bok and Choi, Incheol},
	Title = {The {K}orean case system: A unified, constraint-based approach},
	Journal = {Language Research},
	Volume = {40},
	Number = {4},
	Pages = {885--921},
	Year = {2004} }

@book{Knauer&Bellosta05a,
	Editor = {Knauer, Gabriele and Bellosta von Colbe, Valeriano},
	Title = {Variación sintáctica en español: Un reto para las teorías de la sintaxis},
	Publisher = {Niemeyer},
	Address = {Tübingen},
	Year = {2005} }

@book{Knuth1986,
	address = {Boston, MA},
	publisher = {Addison-Wesley},
	author = {Knuth, Donald E.},
	title = {The \TeX book},
	year = {1986}
}

@book{KoenigJP99a,
	Author = {Koenig, Jean-Pierre},
	Title = {Lexical Relations},
	Publisher = {CSLI Publications},
	Address = {Stanford},
	Year = {1999} }

@misc{Kohm&Co13a,
	Author = {Kohm, Markus and Morawski, Jens-Uwe},
	Title = {Die Anleitung: KOMA-Script},
	URL = {http://www.ctan.org/pkg/koma-script},
	URLdate = {28.01.2014},
	Howpublished = {Online-Handbuch},
	Year = {2014} }

@article{Kolb&Co10a,
	Author = {Kolb, Hans-Peter and Thiersch, Craig and Dimitriadis, Alexis},
	Journal = {CTAN: Comprehensive TeX Archive Network},
	Title = {Preliminary documentation for gb4e.sty and cgloss4e.sty},
	Howpublished = {Handbuch},
	URL = {http://www.ctan.org/pkg/gb4e},
	URLdate = {15.05.2013},
	Year = {2010} }

@book{Kopka94a,
	Author = {Kopka, Helmut},
	Title = {\LaTeX: Einführung. Band 1},
	Publisher = {Addison-Wesley},
	Address = {Bonn},
	Year = {1994} }

@incollection{Kratzer98a,
	Author = {Kratzer, Angelika},
	Title = {Scope or Pseudoscope? Are There Wide-Scope Indefinites?},
	BookTitle = {Events and Grammar},
	Editor = {Rothstein, Susan},
	Publisher = {Kluwer},
	Address = {Dordrecht},
	Pages = {163--196},
	Year = {1998} }

@book{Krifka89a,
	author = {Krifka, Manfred},
	title = {Nominalreferenz und Zeitkonstitution: Zur Semantik von Massentermen, Pluraltermen und Aspektklassen},
	publisher = {Wilhelm Fink},
	address = {München},
	year = {1989}
}

@misc{Krifka08a,
	Author = {Krifka, Manfred},
	Title = {Technische Hilfsmittel -- Skript},
	Publisher = {Institut für deutsche Sprache und Linguistik der Humboldt-Universität zu Berlin},
	URL = {http://moodle.hu-berlin.de/course/view.php?id=50448},
	URLdate = {08.04.2013},
	Howpublished = {Manuskript},
	Year = {2008} }


@misc{Krifka09b,
	Author = {Krifka, Manfred},
	Title = {Materialien zum Grundkurs Semantik},
	Publisher = {Humboldt-Universität zu Berlin},
	Howpublished = {Manuskript},
	Year = {2007/2017} }


@article{Krifka11a,
	Author = {Krifka, Manfred},
	Title = {In defense of idealizations: A commentary on Stokhof and van Lambalgen},
	Journal = {Theoretical Linguistics},
	Volume = {37},
	Number = {1/2},
	Pages = {51--62},
	Year = {2011} }


@misc{Krifka13a,
	Author = {Krifka, Manfred},
	Title = {Wissenschaftliches Arbeiten in der germanistischen Linguistik},
	Publisher = {Humboldt-Universität zu Berlin},
	URL = {http://moodle.hu-berlin.de/course/view.php?id=51413},
	URLdate = {08.04.2013},
	Howpublished = {Manuskript},
	Year = {2013} }

@book{Landau10,
	Author = {Landau, Idan},
	Title = {The Locative Syntax of Experiencers},
	Publisher = {MIT Press},
	Address = {London},
	Year = {2010} }

@article{Larson88a,
	Author = {Larson, Richard K.},
	Title = {On the Double Object Construction},
	Journal = {Linguistic Inquiry},
	Volume = {19},
	Number = {3},
	Pages = {335--391},
	Year = {1988} }

@article{Lee&Shin07,
	Author = {Lee, Sang-Geun and Shin, Kyung-Sik},
	Title = {On the Exp-Subj psych-verbs: A lexicalist approach},
	Journal = {The Linguistic Association of Korea Journal},
	Volume = {15},
	Number = {2},
	Pages = {39--58},
	Year = {2007} }

@misc{Linke05a,
	Author = {Linke, Rona and Linke, Alex},
	Title = {LATEX für Linguisten: IPA, Glossing und Baumstrukturen},
	Publisher = {Ruhr-Universität Bochum},
	Howpublished = {Manuskript},
	URL = {http://homepage.ruhr-uni-bochum.de/alexander.linke-2/linguistik/LaTeX/},
	URLdate = {07.05.2013},
	Year = {2005} }

@book{Loebner15a,
	Author = {Löbner, Sebastian},
	Title = {Semantik: Eine Einführung},
	Publisher = {De Gruyter Mouton},
	Address = {Berlin},
	Edition = {2},
	Year = {2015} }

@book{Lohnstein11a,
	Author = {Lohnstein, Horst},
	Title = {Formale Semantik und natürliche Sprache},
	Publisher = {De Gruyter},
	Address = {Berlin},
	Edition = {2},
	Year = {2011} }

@book{Luedeling09a,
	author = {Lüdeling, Anke},
	title = {Grundkurs Sprachwissenschaft},
	publisher = {Klett},
	address = {Stuttgart},
	year = {2009}
}

@misc{Luedeling12a,
	Author = {Lüdeling, Anke},
	Title = {Technische Übung Hilfsmittel},
	Publisher = {Institut für deutsche Sprache und Linguistik der Humboldt-Universität zu Berlin},
	URL = {http://moodle.hu-berlin.de/course/view.php?id=37370},
	URLdate = {08.04.2013},
	Howpublished = {Seminarfolien},
	Year = {2012} }

@book{LyonsJ95a,
	author = {Lyons, John},
	title = {Einführung in die moderne Linguistik},
	publisher = {C.H. Beck},
	address = {München},
	year = {1995}
}

@phdthesis{MyP10a,
	Author = {{Machicao y Priemer}, Antonio},
	Title = {Die differentielle Objektmarkierung im Spanischen},
	School = {Humboldt-Universität zu Berlin},
	Type = {Online veröffentlichte {M}agisterarbeit},
	URL = {http://edoc.hu-berlin.de/docviews/abstract.php?id=40241}, 
	URLdate = {26.08.2013},
	Year = {2010} }

@incollection{MyP14a,
	Author = {{Machicao y Priemer}, Antonio},
	Title = {Differentielle {O}bjektmarkierung: Spezifizität und {A}kkusativ im {S}panischen},
	BookTitle = {Zwischen {K}ern und {P}eripherie},
	Editor = {Machicao y Priemer, Antonio and Nolda, Andreas and Sioupi, Athina},
	Publisher = {De Gruyter},
	Address = {Berlin},
	Pages = {103--130},
	Year = {2014} }

@incollection{MyP17a,
	Author = {{Machicao y Priemer}, Antonio},
	Title = {Schwesterknoten},
	BookTitle = {Wörterbücher zur Sprach- und Kommunikationswissenschaft (WSK) Online},
	Editor = {Schierholz, Stefan J. and Wiegand, Herbert E.},
	Publisher = {De Gruyter},
	Address = {Berlin},
	URL = {https://www.degruyter.com/view/db/wsk},
	URLdate = {12.10.2017},
	Year = {2017} }

@misc{MyP17c,
	Author = {{Machicao y Priemer}, Antonio},
	Title = {Hinweise für Seminararbeiten},
	Publisher = {Humboldt-Universität zu Berlin},
	URL = {https://www.linguistik.hu-berlin.de/de/staff/amyp/downloads/myp2018-04-06-hinweise_seminararbeit.pdf},
	URLdate = {16.10.2018},
	Howpublished = {Manuskript},
	Year = {2018} }

@incollection{MyP18h,
	Author = {{Machicao y Priemer}, Antonio},
	Title = {Ereignisprädikat},
	BookTitle = {Grammatik: Syntax},
	Editor = {Schierholz, Stefan and Uzonyi, Pál},
	Series = {Wörterbücher zur Sprach- und Kommunikationswissenschaft (Online)},
	Number = {1.2},
	Publisher = {De Gruyter},
	Address = {Berlin},
	URL = {https://doi.org/10.1515/wsk.1.2.ereignispradikat},
	URLdate = {14.8.2018},
	Year = {2018} }

@incollection{MyP18t,
	Author = {{Machicao y Priemer}, Antonio},
	Title = {Argumentstruktur},
	BookTitle = {Grammatik: Syntax},
	Editor = {Schierholz, Stefan and Uzonyi, Pál},
	Number = {1.2},
	Publisher = {De Gruyter},
	Address = {Berlin},
	Year = {2018} }

@inproceedings{MyP&Co18a,
	Author = {{Machicao y Priemer}, Antonio and Fritz-Huechante, Paola},
	Title = {Korean and {S}panish psych-verbs: {I}nteraction of case, theta-roles, linearization, and event structure in {HPSG}},
	BookTitle = {The 25\up{th} International Conference on {H}ead-{D}riven {P}hrase {S}tructure {G}rammar ({HPSG} 2018)},
	Editor = {Müller, Stefan and Richter, Frank},
	Address= {University of Tokyo},
	Publisher = {CSLI Publications},
	Pages = {155--175},
	URL = {http://web.stanford.edu/group/cslipublications/cslipublications/HPSG/2018/hpsg2018-machicaoypriemer-fritz-huechante.pdf},
	URLdate = {30.10.2018},
	Year = {2018} }

@misc{MyP&Kerkhof16a,
	Author = {Machicao y Priemer, Antonio and Kerkhof, Robyn},
	Title = {\LaTeX -Einführung für Linguisten -- Slides},
	Publisher = {Humboldt-Universität zu Berlin},
	URL = {https://www.linguistik.hu-berlin.de/de/staff/amyp/latex-einfuehrung},
	URLdate = {23.02.2016},
	Howpublished = {Präsentation beim 7. linguistischen Methodenworkshop an der Humboldt-Universität zu Berlin -- 22.--24. Februar 2016},
	Year = {2016} }

@book{Maienborn&Co11a,
	Title = {Semantics: An International Handbook of Natural Language Meaning},
	Editor = {Maienborn, Claudia and Heusinger, Klaus von and Portner, Paul},
	Series = {Handbooks of Linguistics and Communication Science},
	Volume = {33.1},
	Publisher = {De Gruyter Mouton},
	Address = {Berlin},
	Year = {2011} }

@article{Manning&Co98a,
	Author = {Manning, Christopher D. and Sag, Ivan A.},
	Title = {Argument Structure, Valence, and Binding},
	Journal = {Nordic Journal of Linguistics},
	Volume = {21},
	Pages = {107--144},
	Year = {1998} }

@article{Marin11,
	Author = {Marín, Rafael},
	Title = {Casi todos los predicados psicológicos son estativos},
	Editor = {Carrasco, A.},
	Journal = {Sobre estados y estatividad},
	Address = {München},
	Publisher = {Lincom},
	Pages = {26--44},
	Year = {2011} } 

@incollection{Marin15,
	Author = {Marín, Rafael},
	Title = {Los predicados psicológicos: Debate sobre el estado de la cuestión},
	Editor = {Marín, Rafael},
	Booktitle = {Los predicados psicológicos},
	Address = {Madrid},
	Publisher = {Visor},
	Pages = {11--50},
	Year = {2015} } 

@incollection{Marin&McNally05,
	Author = {Marín, Rafael and McNally, Louise},
	Title = {The Aktionsart of {S}panish reflexive psychological verbs and their {E}nglish counterparts},
	Editor = {Maier, E., Bary, C. and Huitink, J.},
	Journal = {Proceedings of the 9th Annual Meeting of the Gesellschaft für Semantik (Sinn und Bedeutung 9)},
	Address = {Nijmegen},
	Publisher = {Nijmegen Centre of Semantics},
	Pages = {212--225},
	Year = {2005} } 

@article{Marin&McNally11,
	Author = {Marín, Rafael and McNally, Louise},
	Title = {Inchoativity, change of state, and telicity: Evidence from {S}panish reflexive psychological verbs},
	Journal = {Natural Language and Linguistic Theory},
	Volume = {29},
	Number = {2},
	Pages = {467--502},
	Year = {2011} }

@book{Meibauer&Co07a,
	author = {Meibauer, Jörg and Demske, Ulrike and Geilfuß-Wolfgang, Jochen and Pafel, Jürgen and Ramers, Karl-Heinz and Rothweiler, Monika and Steinbach, Markus},
	title = {Einführung in die germanistische Linguistik},
	publisher = {Metzler},
	address = {Stuttgart},
	year = {2007}
}

@book{Meindl11a,
	Author = {Meindl, Claudia},
	Title = {Methodik für Linguisten. Eine Einführung in Statistik und Versuchsplanung},
	Publisher = {Narr},
	Address = {Tübingen},
	Year = {2011} }

@article{Meurers99a,
	Author = {Meurers, Walt Detmar},
	Title = {Raising Spirits (and Assigning them Case)},
	Journal = {Groninger Arbeiten zur Germanistischen Linguistik (GAGL)},
	Volume = {43},
	Pages = {173--226},
	URL = {http://irs.ub.rug.nl/dbi/475d4439a8e3f},
	URLdate = {18.07.2010},
	Year = {1999} }

@book{MuellerS08a,
	author = {Müller, Stefan},
	title = {Head-Driven Phrase Structure Grammar: Eine Einführung},
	publisher = {Stauffenburg},
	address = {Tübingen},
	series = {Stauffenburg Einführungen},
	URL = {http://hpsg.fu-berlin.de/~stefan/Pub/},
	URLdate = {03.05.2012},
	year = {2008}
}

@book{MuellerS13a,
	Author = {Müller, Stefan},
	Title = {Head-Driven {P}hrase {S}tructure {G}rammar: Eine {E}inführung},
	Publisher = {Stauffenburg},
	Address = {Tübingen},
	Year = {2013} }

@book{MuellerS13b,
	author = {Müller, Stefan},
	title = {Grammatiktheorie},
	publisher = {Stauffenburg},
	address = {Tübingen},
	edition = {2},
	year = {2013}
}

@article{MuellerS15a,
	Author = {Müller, Stefan},
	Title = {The {C}ore{G}ram {P}roject: Theoretical Linguistics, Theory Development and Verification},
	Journal = {Journal of Language Modelling},
	Volume = {3},
	Number = {1},
	Pages = {1--66},
	Year = {2015} }

@book{MuellerS16a,
	Author = {Müller, Stefan},
	Title = {Grammatical Theory: From Transformational Grammar to Constraint-Based Approaches},
	Publisher = {Language Science Press},
	Address = {Berlin},
	URL = {http://langsci-press.org/catalog/book/25},
	URLdate = {18/03/2016},
	Year = {2016} }

@book{MuellerS18a,
	Author = {Müller, Stefan},
	Title = {A lexicalist account of argument structure: Template-based phrasal {LFG} approaches and a lexical {HPSG} alternative},
	Publisher = {Language Science Press},
	Address = {Berlin},
	URL = {http://langsci-press.org/catalog/book/163},
	URLdate = {22/10/2018},
	Year = {2018}
}

@incollection{Mueller&MyP19a,
	Author = {Müller, Stefan and {Machicao y Priemer}, Antonio},
	Title = {Head-{D}riven {P}hrase {S}tructure {G}rammar},
	BookTitle = {Current Approaches to Syntax -- {A} Comparative Handbook},
	Editor = {Kertész, András and Moravcsik, Edith and Rákosi, Csilla},
	Series = {Comparative Handbooks of Linguistics},
	Number = {3},
	Publisher = {De Gruyter Mouton},
	Address = {Berlin},
	URL = {https://www.degruyter.com/view/product/486143},
	Year = {2019} }

@incollection{Nam15a,
	Author = {Nam, Seungho},
	Title = {Lexical Semantics: Lexicon-Syntax Interface},
	Editor = {Brown, Lucien and Yeon, Jaehoon},
	BookTitle = {The Handbook of {Korean} Linguistics},
	Address = {Hoboken},
	Publisher = {John Wiley \& Sons},
	Pages = {157--178},
	Year = {2015} } 

@article{Newmeyer03a,
	Author = {Newmeyer, Frederick J.},
	Title = {Grammar is Grammar and Usage is Usage},
	Journal = {Language},
	Volume = {79},
	Number = {4},
	Pages = {682--707},
	Year = {2003} }

@incollection{Newmeyer09a,
	Author = {Newmeyer, Frederick J.},
	Title = {Semantic Evidence and Syntactic Theory},
	BookTitle = {The Fruits of Empirical Linguistics. Volume 1: Process},
	Editor = {Featherston, Sam and Winkler, Susanne},
	Publisher = {Mouton de Gruyter},
	Address = {Berlin},
	Pages = {177--210},
	Year = {2009} }

@book{Nolda&Co11a,
	author = {Nolda, Andreas and Teuber, Oliver},
	title = {Syntax and Morphology Multidimensional},
	publisher = {De Gruyter},
	address = {Berlin},
	year = {2011}
}

@incollection{Nolda&Co14a,
	Author = {Nolda, Andreas and Machicao y Priemer, Antonio and Sioupi, Athina},
	Title = {Die {K}ern/{P}eripherie-Unterscheidung: {P}robleme und {P}ositionen},
	BookTitle = {Zwischen Kern und Peripherie: Untersuchungen zu Randbereichen in Sprache und Grammatik},
	Editor = {Machicao y Priemer, Antonio and Nolda, Andreas and Sioupi, Athina},
	Publisher = {De Gruyter},
	Address = {Berlin},
	Pages = {9--23},
	Year = {2014} }

@book{Olsen&Co91a,
	author = {Olsen, Susan and Fanselow, Gisbert},
	title = {\gq{DET, COMP und INFL}: Zur Syntax funktionaler Kategorien und grammatischer Funktionen},
	publisher = {Niemeyer},
	address = {Tübingen},
	keywords = {Sprachwissenschaft; Syntax; Phrase: NP; Sprache: Deutsch; Phrase; Phrasenstruktur; Phrase: DP; Pronomen;},
	year = {1991}
}

@misc{Pakin17a,
	Author = {Pakin, Scott},
	Title = {The Comprehensive \LaTeX\ Symbol List -- Symbols accessible from \LaTeX},
	URLdate = {08.12.2017},
	Howpublished = {Handbuch},
	URL = {https://ctan.org/tex-archive/info/symbols/comprehensive/},
	Year = {2017} }

@phdthesis{Parodi91,
	Author = {Parodi, Claudia},
	Title = {Aspect in the syntax of Spanish psych verbs},
	School = {University of California},
	Type = {Dissertation},
	Year = {1991} }

@book{Parsons90a,
	Author = {Parsons, Terence},
	Title = {Events in the Semantics of {E}nglish: A Study in Subatomic Semantics},
	Publisher = {MIT Press},
	Address = {Cambridge},
	Year = {1990} }

@book{Partee&Co93a,
	Author = {Partee, Barbara H. and Meulen, Alice G. and Wall, Robert E.},
	Title = {Mathematical Methods in Linguistics},
	Publisher = {Kluwer},
	Address = {Dordrecht},
	Edition = {2},
	Year = {1993} }

@inbook{Pechmann&Co96a,
	author = {Pechmann, Thomas and Uszkoreit, Hans and Engelkamp, Johannes and Zerbst, Dieter},
	title = {Wortstellung im deutschen Mittelfeld: Linguistische Theorie und psycholinguistische Evidenz},
	booktitle = {Perspektiven der Kognitiven Linguistik: Modelle und Methoden},
	editor = {Habel, Christopher and Kanngießer, Siegfried and Rickheit, Gert},
	publisher = {Westdeutscher Verlag},
	address = {Opladen},
	pages = {257--299},
	year = {1996}}

@book{Pesetsky95,
	Author = {Pesetsky, D.},
	Title = {Zero Syntax: Experiencers and cascades},
	Publisher = {MIT Press},
	Address = {Cambridge},
	Year = {1995} }

@incollection{Pinon97,
	Author = {Piñón, Christopher},
	Title = {Achievements in an event semantics},
	Proceedings = {Proceedings of SALT 7},
	Editor = {Lawson, Aaron and Cho, Eun},
	Publisher = {CLC Publications},
	Address = {Ithaca},
	Pages = {273--296},
	Year = {1997} }	

@book{PS87a,
	Author = {Pollard, Carl J. and Sag, Ivan A.},
	Title = {Information-Based Syntax and Semantics. {V}olume 1: Fundamentals},
	Publisher = {CSLI Publications},
	Address = {Stanford},
	Year = {1987} }

@book{Pollard&Sag94a,
	Author = {Pollard, Carl and Sag, Ivan},
	Title = {Head-Driven Phrase Structure Grammar},
	Publisher = {University of Chicago Press},
	Address = {Chicago},
	Year = {1994} }

@book{Popper02a,
	author = {Popper, Karl},
	title = {The Logic of Scientific Discovery},
	publisher = {Routledge},
	address = {London; New York},
	series = {Routledge Classics},
	note = {(Logik der Forschung (Impressum 1935, tatsächlich 1934) [Anm. MyP])},
	keywords = {Sprachwissenschaft; Philosophie; Empirie; Epistemische Logik; Induktion; Deduktion; Falsifikationismus; Quantumtheorie; GK Methoden; Methodik;},
	year = {2002}
}

@incollection{Prechtl16b,
	Author = {Prechtl, Peter},
	Title = {Deduktion},
	BookTitle = {Metzler Lexikon Sprache},
	Editor = {Glück, Helmut and Rödel, Michael},
	Publisher = {Metzler},
	Address = {Stuttgart},
	Pages = {130},
	Year = {2016} 
}

@incollection{Prechtl16a,
	Author = {Prechtl, Peter},
	Title = {Induktion},
	BookTitle = {Metzler Lexikon Sprache},
	Editor = {Glück, Helmut and Rödel, Michael},
	Publisher = {Metzler},
	Address = {Stuttgart},
	Pages = {288},
	Year = {2016} 
}

@phdthesis{Przepiorkowski99a,
	Author = {Przepiórkowski, Adam},
	Title = {Case Assignment and the Complement/Adjunct Dichotomy: A Non-Configurational Constraint-Based Approach},
	School = {Eberhard-Karls-Universität Tübingen},
	Type = {Ph{D} thesis},
	Year = {1999} }

@incollection{Pylkkanen00,
	Author = {Pylkkänen, Liina},
	Title = {On stativity and causation},
	Editor = {Tenny, Carol and Pustejovsky, James},
	Booktitle = {Events as grammatical objects: The converging perspectives of lexical semantics, logical semantics and syntax},
	Address = {Stanford},
	Publisher = {CSLI Publications},
	Pages = {417--442},
	Year = {2000} } 

@incollection{Primus04,
	Author = {Primus, Beatrice},
	Title = {Protorollen und Verbtyp: Kasusvariaton bei psychischen Verben},
	Editor = {Kailuweit, R. and Hummel, M.},
	BookTitle = {Semantische Rollen},
	Address = {Tübingen},
	Publisher = {Narr},
	Pages = {377--401},
	Year = {2004} } 

@book{Ramchand08a,
	Author = {Ramchand, Gillian},
	Title = {Verb Meaning and the Lexicon: A First-Phase Syntax},
	Publisher = {Cambridge University Press},
	Address = {Cambridge},
	Year = {2008} }

@article{Rei01a,
	Author = {Rei, Fukui},
	Title = {vowel -- Draw vowel charts for phonetic research},
	Journal = {CTAN: Comprehensive TeX Archive Network},	
	Howpublished = {Handbuch},
	URL = {https://ctan.org/pkg/vowel},
	URLdate = {01.12.2017},
	Year = {2001} }

@article{Rei04a,
	Author = {Rei, Fukui},
	Title = {TIPA Manual -- Version 1.3},
	Journal = {CTAN: Comprehensive TeX Archive Network},	
	Howpublished = {Handbuch},
	URL = {http://www.ctan.org/tex-archive/fonts/tipa/tipa},
	URLdate ={06.06.2013},
	Year = {2004} }

@article{Reinhart02,
	Author = {Reinhart, Tanya},
	Title = {The theta system: An overview},
	Journal = {Theoretical Linguistics},
	Volume = {28},
	Number = {3},
	Pages = {229--290},
	Year = {2002} }

@book{Rothstein11a,
	Author = {Rothstein, Björn},
	Title = {Wissenschaftliches Arbeiten für Linguisten},
	Publisher = {Narr},
	Address = {Tübingen},
	Year = {2011} }

@article{Rozwadowska10,
	Author = {Rozwadowska, Bozena},
	Title = {Aspectual properties of Polish nominalizations},
	Journal = {Journal of Slavic Linguistics},
	Volume = {8},
	Pages = {5--27},
	Year = {2010} }

@phdthesis{SchaeferR08a,
	Author = {Schäfer, Roland},
	Title = {Arguments and Adjuncts at the Syntax-Semantics Interface},
	School = {Georg-August Universität Göttingen},
	Type = {Dissertation},
	URL = {http://hdl.handle.net/11858/00-1735-0000-0006-AEDA-B},
	URLdate = {05.05.2018},
	Year = {2008} }

@inproceedings{SchaeferR&Co12a,
	Author = {Schäfer, Roland and Bildhauer, Felix},
	Title = {Building Large Corpora from the Web Using a New Efficient Tool Chain},
	BookTitle = {Proceedings of the Eight International Conference on Language Resources and Evaluation (LREC'12)},
	date = {23--25},
	address = {Istanbul, Turkey},
	editor = {Nicoletta Calzolari and Khalid Choukri and Thierry Declerck and Mehmet Uğur Doğan and Bente Maegaard and Joseph Mariani and Asuncion Moreno and Jan Odijk and Stelios Piperidis},
	publisher = {European Language Resources Association (ELRA)},
	Pages = {486--493},
	Note = {[COW: \url{http://corporafromtheweb.org}]},
	Year = {2012} }

@book{Schierholz&Co18,
	Editor = {Schierholz, Stefan J. and Wiegand, Herbert E.},
	Title = {Wörterbücher zur Sprach- und Kommunikationswissenschaft (WSK) Online},
	Publisher = {De Gruyter},
	Address = {Berlin},
	URL = {https://www.degruyter.com/view/db/wsk},
	URLdate = {14.11.2017},
	Year = {2017} }

@article{Seres&Espinal18,
	Author = {Seres, Daria and Espinal, M. Teresa},
	Title = {Psychological Verbs and their Arguments},
	Journal = {Borealis},
	Volume = {7},
	Number = {1},
	Pages = {27--44},
	Year = {2018} }

@book{Spalek&Co12a,
	author = {Spalek, Kaharina and Domke, Juliane},
	title = {Sprachliche Variationen, Varietäten und Kontexte: Beiträge zu psycholinguistischen Schnittstellen. Festschrift für Rainer Dietrich},
	publisher = {Stauffenburg},
	address = {Tübingen},
	year = {2012}
}

@article{Sternefeld13a,
	Author = {Sternefeld, Wolfgang},
	Title = {linguex.sty Documentation. Version 4.3},
	Journal = {CTAN: Comprehensive TeX Archive Network},	
	Howpublished = {Handbuch},
	URL = {http://www.ctan.org/pkg/linguex},
	URLdate = {06.06.2013},
	Year = {2013} }

@article{Stokhof&Co11a,
	Author = {Stokhof, Martin and Lambalgen, Michiel van},
	Title = {Abstractions and idealisations: The construction of modern linguistics},
	Journal = {Theoretical Linguistics},
	Volume = {37},
	Number = {1/2},
	Pages = {1--26},
	Year = {2011} }

@article{Talbot16a,
	Author = {Talbot, Nicola L. C.},
	Title = {venndiagram v1.1: Drawing Simple Venn Diagrams},
	Journal = {CTAN: Comprehensive TeX Archive Network},
	URLdate = {01.12.2017},
	Howpublished = {Handbuch},
	URL = {https://ctan.org/pkg/venndiagram},
	Year = {2016} }

@article{Tantau11a,
	author = {Tantau, Till and Wright, Joseph and Miletić, Vedran},
	title = {The Beamer Class: User Guide for version 3.26.},
	Journal = {CTAN: Comprehensive TeX Archive Network},
	URL =  {http://www.ctan.org/tex-archive/macros/latex/contrib/beamer},
	URLdate = {01.05.2013},
	Note = {[Aktualisierte Version von 2013; MyP]},
	year = {2011}
}

@article{Temme&Verhoeven16,
	Author = {Temme, Anne and Verhoeven, Elisabeth},
	Title = {Verb class, case, and order: A cross-linguistic experiment on non-nominative experiencers},
	Journal = {Linguistics},
	Volume = {54},
	Number = {4},
	Pages = {769--814},
	Year = {2016} }

@article{Temme&Verhoeven17,
	Author = {Temme, Anne and Verhoeven, Elisabeth},
	Title = {Backward binding as a psych effect: A binding illusion?},
	Journal = {Zeitschrift für Sprachwissenschaft},
	Volume = {36},
	Number = {2},
	Pages = {279--308},
	Year = {2017} }

@book{Thieroff&Co00a,
	Title = {Deutsche Grammatik in Theorie und Praxis: Für Peter Eisenberg},
	Editor = {Thieroff, Rolf and Tamrat, Matthias and Fuhrhop, Nanna and Teuber, Oliver},
	Publisher = {Niemeyer},
	Address = {Tübingen},
	Year = {2000} }

@incollection{Torrego99a,
	Author = {Torrego Salcedo, Esther},
	Title = {El complemento directo preposicional},
	BookTitle = {Gramática Descriptiva de la Lengua Española: Las construcciones sintácticas fundamentales. Relaciones temporales, aspectuales y modales},
	Editor = {Bosque Muñoz, Ignacio and Demonte Barreto, Violeta},
	Publisher = {Real Academia Española},
	Address = {Madrid},
	Volume = {2},
	Pages = {1779--1805},
	Year = {1999} }

@phdthesis{Truckenbrodt95a,
	author = {Truckenbrodt, Hubert},
	title = {Phonological Phrases: Their Relation to Syntax, Focus and Prominence},
	school = {Department of Linguistics and Philosophy, Massachusetts Institute of Technology},
	address = {Massachusetts},
	URL = {http://www.ai.mit.edu/projects/dm/theses/truckenbrodt95.pdf},
	URLdate = {01.05.2010},
	type = {{D}issertation},
	year = {1995}
}

@misc{VandenWyngaerd16a,
	Author = {Vanden Wyngaerd, Guido},
	Title = {Forest Quickstart Guide for Linguists},
	Howpublished = {Manuskript},
	URL = {https://ling.auf.net/lingbuzz/003391},
	URLdate = {30.11.2017},
	Year = {2016} }

@book{VanEynde15a,
	Author = {Van Eynde, Frank},
	Title = {Predicative Constructions: From the {F}reagean to a {M}ontagovian Treatment},
	Publisher = {CSLI Publications},
	Address = {Stanford},
	Year = {2015} }

@article{VanVoorst92,
	Author = {Van Voorst, J.},
	Title = {The aspectual semantics of psychological verbs},
	Journal = {Linguistics and Philosophy},
	Volume = {15},
	Pages = {338--345},
	Year = {1992} }

@incollection{Verhoeven10,
	Author = {Verhoeven, Elisabeth},
	Title = {Transitivity in {C}hinese experiencer object verbs},
	Editor = {Brandt, P. and García García, M.},
	BookTitle = {Transitivity: Form, Meaning, Acquisition, and Processing},
	Address = {Amsterdam},
	Publisher = {Benjamins},
	Pages = {95--118},
	Year = {2010} } 

@article{Verhoeven14,
	Author = {Verhoeven, Elisabeth},
	Title = {Thematic prominence and animacy asymmetries. Evidence from a cross-linguistic production study},
	Journal = {Lingua},
	Volume = {143},
	Pages = {129--161},
	Year = {2014} }

@incollection{WieseB11a,
	Author = {Wiese, Bernd},
	Title = {Optimal Specifications: On Case Marking in Polish},
	BookTitle = {Syntax and Morphology Multidimensional},
	Editor = {Teuber, Oliver and Nolda, Andreas},
	Publisher = {De Gruyter},
	Address = {Berlin},
	Pages = {101--127},
	Year = {2011} }

@article{Yang96,
	Author = {Yang, Byong-Seon},
	Title = {Syntax-semantics interface in psych-verb constructions: A role and reference grammar approach},
	Journal = {Modern Grammar},
	Volume = {7},
	Pages = {171--207},
	Year = {1996} }

@incollection{Yoon04,
	Author = {Yoon, James},
	Title = {Non-nominative (major) subjects and case stacking in {K}orean},
	BookTitle = {Non-nominative subjects},
	Editor = {Bhaskararao, Peri and Subbarao, Karumuri},
	Address = {Amsterdam},
	Publisher = {John Benjamins},
	Pages = {265--314},
	Year = {2004} } 

@book{ZimmermannT&Sternefeld13a,
	Author = {Zimmermann, Thomas E. and Sternefeld, Wolfgang},
	Title = {Introduction to Semantics: An Essential Guide to the Composition of Meaning},
	Publisher = {De Gruyter Mouton},
	Address = {Berlin},
	Year = {2013} }

@article{Zivanovic17a,
	Author = {{\v{Z}}ivanović, Sašo},
	Title = {Forest: a PGF/TikZ-based package for drawing linguistic trees v2.1.5},
	Journal = {CTAN: Comprehensive TeX Archive Network}, 
	Howpublished = {Handbuch},
	URL = {https://ctan.org/pkg/forest},
	URLdate = {30.11.2017},
	Year = {2017} }
